<?xml version="1.0" encoding="UTF-8"?><collection xmlns="http://www.loc.gov/MARC21/slim"><record><leader>00611nam--2200193-i-4500</leader><controlfield tag="001">000034464</controlfield><controlfield tag="002">20161230</controlfield><controlfield tag="005">20161230201040</controlfield><controlfield tag="008">060222s1000------------r-----000-0-eng-d</controlfield><datafield ind1=" " ind2=" " tag="020"><subfield code="a">9971950847</subfield></datafield><datafield ind1=" " ind2=" " tag="040"><subfield code="a">IFIN-HH</subfield></datafield><datafield ind1=" " ind2=" " tag="080"><subfield code="a">539.12.01(043)</subfield></datafield><datafield ind1="1" ind2=" " tag="100"><subfield code="a">Iengo, R</subfield></datafield><datafield ind1="1" ind2="0" tag="245"><subfield code="a">Non-perturbative field theory and qcd</subfield><subfield code="b">Roceedings of the trieste workshop 17-21 december 1982, ictp, trieste, italy</subfield><subfield code="c">R. iengo, a. neveu, p. olesen, g. parisi (eds.)</subfield></datafield><datafield ind1=" " ind2=" " tag="260"><subfield code="a">Singapore</subfield><subfield code="b">World Scientific</subfield><subfield code="c">1983</subfield></datafield><datafield ind1=" " ind2=" " tag="300"><subfield code="a">IX + 281P</subfield></datafield><datafield ind1="1" ind2=" " tag="700"><subfield code="a">Parisi, G</subfield><subfield code="e">Ed</subfield></datafield><datafield ind1=" " ind2=" " tag="852"><subfield code="a">72245</subfield><subfield code="c">539.12</subfield></datafield><datafield ind1=" " ind2=" " tag="CAT"><subfield code="a">Sys</subfield><subfield code="c">20120110</subfield><subfield code="h">164056</subfield></datafield></record></collection>